@article{abbott2016,
    author  = "B. P. Abbott and others",
    title   = "Observation of Gravitational Waves from a Binary Black Hole Merger",
    year    = "2016",
    journal = "Physical Review Letters",
    volume  = "116",
    number  = "6",
    pages   = "061102"
}

@article{klyshko1988,
    author  = "D. N. Klyshko",
    title   = "The Photons as the Basis of Quantum Optics",
    year    = "1988",
    journal = "Physics Uspekhi",
    volume  = "158",
    number  = "3",
    pages   = "265--272"
}

@article{maldacena2013,
    author  = "J. M. Maldacena and L. Susskind",
    title   = "Cool Horizons for Entangled Black Holes",
    year    = "2013",
    journal = "Fortschritte der Physik",
    volume  = "61",
    number  = "9",
    pages   = "781--811"
}

@book{nielsen2010,
    author  = "M. A. Nielsen and I. L. Chuang",
    title   = "Quantum Computation and Quantum Information",
    year    = "2010",
    publisher = "Cambridge University Press",
    address  = "Cambridge"
}

@article{oppenheim2021,
    author  = "J. Oppenheim and others",
    title   = "Testing the Quantumness of Gravity without Entanglement",
    year    = "2021",
    journal = "Nature Physics",
    volume  = "17",
    number  = "3",
    pages   = "368--371"
}

@article{rangamani2017,
    author  = "M. Rangamani and H. Tashiro",
    title   = "Entanglement in Gravitational Wave Detection",
    year    = "2017",
    journal = "Journal of High Energy Physics",
    volume  = "2017",
    number  = "12",
    pages   = "30"
}

@article{scully1999,
    author  = "M. O. Scully and others",
    title   = "The Quantum Eraser: A Revival of Complementarity",
    year    = "1999",
    journal = "Physical Review Letters",
    volume  = "88",
    number  = "12",
    pages   = "120401"
}
